@article{novotny:2017,
	author = {Vít Novotný},
	title = {Using Markdown inside {\TeX} documents},
	year = {2017},
	journal = {TUGboat},
	volume = {38},
	number = {2},
	pages = {214--217}
}

@article{novotny:2019,
	author = {Vít Novotný},
	title = {Markdown 2.7.0: Towards lightweight markup in {\TeX}},
	journal= {TUGboat},
	year = {2019},
	volume = {40},
	number = {1},
	pages = {25--27}
}


@online{package,
    author = {Jaehun Kim},
    title = {pytorch-hdpgmm},
    year = 2022,
    url = {https://github.com/eldrin/pytorch-hdpgmm},
    urldate = {2022-10-20}
}


@article{DBLP:journals/taffco/WangLCCH15,
  author    = {Jia{-}Ching Wang and
               Yuan{-}Shan Lee and
               Yu{-}Hao Chin and
               Ying{-}Ren Chen and
               Wen{-}Chi Hsieh},
  title     = {Hierarchical Dirichlet Process Mixture Model for Music Emotion Recognition},
  journal   = {{IEEE} Trans. Affect. Comput.},
  volume    = {6},
  number    = {3},
  pages     = {261--271},
  year      = {2015},
  doi       = {10.1109/TAFFC.2015.2415212},
  timestamp = {Fri, 24 Apr 2020 16:35:52 +0200},
  biburl    = {https://dblp.org/rec/journals/taffco/WangLCCH15.bib},
  bibsource = {dblp computer science bibliography, https://dblp.org}
}
