% Example bibtex file for ISMIR Template

@INPROCEEDINGS{ISMIR17Author:01,
        AUTHOR = {A. Author and B. Author},
        TITLE = {The title of the conference paper},
        BOOKTITLE = {Proc. of the 18th Int. Society for Music Information Retrieval Conf.},
        PAGES = {111--117},
        YEAR = {2017},
        ADDRESS = {Suzhou, China}
        }


@BOOK{Book20Person:01,
	AUTHOR = {O. Person},
	TITLE = {Title of the Book},
	PUBLISHER = {McGill-Queen's University Press},
	YEAR = {2021},
        ADDRESS = {Montr\'{e}al, Canada}
	}

@INCOLLECTION{Chapter09Person:01,
        AUTHOR = {F. Person and S. Person},
        TITLE = {Title of a chapter this book}, 
        BOOKTITLE = {A Book Containing Delightful Chapters}, 
        EDITOR = {A. G. Editor}, 
        ADDRESS = {Tokyo, Japan}, 
        PUBLISHER = {The Publisher}, 
        PAGES = {58--102}, 
        YEAR = {2009}
}

@ARTICLE{JNMR10Someone:01,
	AUTHOR = {A. Someone and B. Someone and C. Someone},
	TITLE = {The Title of the Journal Paper},
	JOURNAL = {Journal of New Music Research},
	VOLUME = {A},
	NUMBER = {B},
	PAGES = {111--222},
	YEAR = {2010},
        MONTH = {September},
	}


@incollection{DBLP:reference/ml/Teh17,
  author    = {Yee Whye Teh},
  editor    = {Claude Sammut and
               Geoffrey I. Webb},
  title     = {Dirichlet Process},
  booktitle = {Encyclopedia of Machine Learning and Data Mining},
  pages     = {361--370},
  publisher = {Springer},
  year      = {2017},
  url       = {https://doi.org/10.1007/978-1-4899-7687-1\_219},
  doi       = {10.1007/978-1-4899-7687-1\_219},
  timestamp = {Wed, 12 Jul 2017 09:11:32 +0200},
  biburl    = {https://dblp.org/rec/reference/ml/Teh17.bib},
  bibsource = {dblp computer science bibliography, https://dblp.org}
}


@article{sethuraman94,
  added-at = {2009-09-10T14:36:22.000+0200},
  author = {Sethuraman, Jayaram},
  biburl = {https://www.bibsonomy.org/bibtex/2a7d63ad6a7d9bdcc2a6a1a3032863e7e/gregoryy},
  interhash = {4fcacac17864e008a908928ef7091141},
  intrahash = {a7d63ad6a7d9bdcc2a6a1a3032863e7e},
  journal = {Statistica Sinica},
  keywords = {imported},
  owner = {heinrich},
  pages = {639-650},
  timestamp = {2009-09-10T14:36:48.000+0200},
  title = {A constructive definition of {Dirichlet} priors},
  volume = 4,
  year = 1994
}


@inproceedings{DBLP:conf/ismir/HoffmanBC08,
  author    = {Matthew D. Hoffman and
               David M. Blei and
               Perry R. Cook},
  editor    = {Juan Pablo Bello and
               Elaine Chew and
               Douglas Turnbull},
  title     = {Content-Based Musical Similarity Computation using the Hierarchical
               Dirichlet Process},
  booktitle = {{ISMIR} 2008, 9th International Conference on Music Information Retrieval,
               Drexel University, Philadelphia, PA, USA, September 14-18, 2008},
  pages     = {349--354},
  year      = {2008},
  url       = {http://ismir2008.ismir.net/papers/ISMIR2008\_130.pdf},
  timestamp = {Thu, 12 Mar 2020 11:33:22 +0100},
  biburl    = {https://dblp.org/rec/conf/ismir/HoffmanBC08.bib},
  bibsource = {dblp computer science bibliography, https://dblp.org}
}
